<record xmlns="http://www.loc.gov/MARC21/slim">
   <leader>02544cam a2200421 i 4500</leader>
   <controlfield tag="001">6858918</controlfield>
   <controlfield tag="003">OCoLC</controlfield>
   <controlfield tag="005">20150807134948.0</controlfield>
   <controlfield tag="008">140609t20152015enka     b    001 0 eng d</controlfield>
   <datafield ind1=" " ind2=" " tag="015">
      <subfield code="a">GBB4B9613</subfield>
      <subfield code="2">bnb</subfield>
   </datafield>
   <datafield ind1=" " ind2=" " tag="020">
      <subfield code="a">9781138823839 (hdc.)</subfield>
   </datafield>
   <datafield ind1=" " ind2=" " tag="020">
      <subfield code="a">113882383X (hdc.)</subfield>
   </datafield>
   <datafield ind1=" " ind2=" " tag="035">
      <subfield code="a">ocn881208577</subfield>
   </datafield>
   <datafield ind1=" " ind2=" " tag="039">
      <subfield code="a">exclude</subfield>
   </datafield>
   <datafield ind1=" " ind2=" " tag="040">
      <subfield code="a">BTCTA</subfield>
      <subfield code="b">eng</subfield>
      <subfield code="e">rda</subfield>
      <subfield code="c">BTCTA</subfield>
      <subfield code="d">BDX</subfield>
      <subfield code="d">UKMGB</subfield>
      <subfield code="d">YDXCP</subfield>
      <subfield code="d">INU</subfield>
      <subfield code="d">CDX</subfield>
      <subfield code="d">OCLCF</subfield>
      <subfield code="d">AEU</subfield>
   </datafield>
   <datafield ind1=" " ind2=" " tag="043">
      <subfield code="a">f------</subfield>
   </datafield>
   <datafield ind1=" " ind2="4" tag="050">
      <subfield code="a">PN4784.O62</subfield>
      <subfield code="b">D55 2015</subfield>
   </datafield>
   <datafield ind1="0" ind2="4" tag="082">
      <subfield code="a">070.4096</subfield>
      <subfield code="2">23</subfield>
   </datafield>
   <datafield ind1=" " ind2=" " tag="090">
      <subfield code="a">PN4784 .O62 D55 2015</subfield>
      <subfield code="b">AEGMCT</subfield>
   </datafield>
   <datafield ind1="0" ind2="0" tag="245">
      <subfield code="a">Digital technologies and the evolving African newsroom :</subfield>
      <subfield code="b">towards an African digital journalism epistemology /</subfield>
      <subfield code="c">edited by Hayes Mawindi Mabweazara.</subfield>
   </datafield>
   <datafield ind1=" " ind2="1" tag="264">
      <subfield code="a">London ;</subfield>
      <subfield code="a">New York :</subfield>
      <subfield code="b">Routledge, Taylor &amp; Francis Group,</subfield>
      <subfield code="c">2015.</subfield>
   </datafield>
   <datafield ind1=" " ind2="4" tag="264">
      <subfield code="c">©2015</subfield>
   </datafield>
   <datafield ind1=" " ind2=" " tag="300">
      <subfield code="a">xi, 120 pages :</subfield>
      <subfield code="b">illustrations ;</subfield>
      <subfield code="c">26 cm.</subfield>
   </datafield>
   <datafield ind1=" " ind2=" " tag="336">
      <subfield code="a">text</subfield>
      <subfield code="b">txt</subfield>
      <subfield code="2">rdacontent</subfield>
   </datafield>
   <datafield ind1=" " ind2=" " tag="337">
      <subfield code="a">unmediated</subfield>
      <subfield code="b">n</subfield>
      <subfield code="2">rdamedia</subfield>
   </datafield>
   <datafield ind1=" " ind2=" " tag="338">
      <subfield code="a">volume</subfield>
      <subfield code="b">nc</subfield>
      <subfield code="2">rdacarrier</subfield>
   </datafield>
   <datafield ind1="1" ind2=" " tag="490">
      <subfield code="a">Journalism studies: theory and practice</subfield>
   </datafield>
   <datafield ind1=" " ind2=" " tag="504">
      <subfield code="a">Includes bibliographical references and index.</subfield>
   </datafield>
   <datafield ind1="0" ind2="0" tag="505">
      <subfield code="t">Preface /</subfield>
      <subfield code="r">Bob Franklin --</subfield>
      <subfield code="t">Introduction: 'Digital technologies and the evolving African newsroom' : towards an African digital journalism epistemology /</subfield>
      <subfield code="r">Hayes Mawindi Mabweazara --</subfield>
      <subfield code="t">New media technologies and internal newsroom creativity in Mozambique : the case of @verdade /</subfield>
      <subfield code="r">Admire Mare --</subfield>
      <subfield code="t">Social media and community radio journalism in South Africa /</subfield>
      <subfield code="r">Tanja Bosch --</subfield>
      <subfield code="t">Readers comments on Zimbabwean newspaper websites : how audience voices are challenging and (re)defining traditional journalism /</subfield>
      <subfield code="r">Hayes Mawindi Mabweazara --</subfield>
      <subfield code="t">Negotiating convergence : "alternative" journalism and institutional practices of Nigerian journalists /</subfield>
      <subfield code="r">Motilola Olufenwa Akinfemisoye --</subfield>
      <subfield code="t">The use of information and communication technologies in three Egyptian newsrooms /</subfield>
      <subfield code="r">Ahmed El Gody --</subfield>
      <subfield code="t">Journalists' Twitter networks, public debates and relationships in South Africa /</subfield>
      <subfield code="r">Peter Verweij and Elvira van Noort.</subfield>
   </datafield>
   <datafield ind1=" " ind2=" " tag="596">
      <subfield code="a">29</subfield>
   </datafield>
   <datafield ind1=" " ind2="0" tag="650">
      <subfield code="a">Online journalism</subfield>
      <subfield code="z">Africa.</subfield>
   </datafield>
   <datafield ind1=" " ind2="0" tag="650">
      <subfield code="a">Journalism</subfield>
      <subfield code="x">Technological innovations</subfield>
      <subfield code="z">Africa.</subfield>
   </datafield>
   <datafield ind1=" " ind2="0" tag="650">
      <subfield code="a">Social media</subfield>
      <subfield code="z">Africa.</subfield>
   </datafield>
   <datafield ind1=" " ind2="0" tag="650">
      <subfield code="a">Citizen journalism</subfield>
      <subfield code="z">Africa.</subfield>
   </datafield>
   <datafield ind1="1" ind2=" " tag="700">
      <subfield code="a">Mabweazara, Hayes Mawindi,</subfield>
      <subfield code="d">1977-</subfield>
      <subfield code="e">editor,</subfield>
      <subfield code="e">contributor.</subfield>
   </datafield>
   <datafield ind1=" " ind2="0" tag="830">
      <subfield code="a">Journalism studies: theory and practice.</subfield>
   </datafield>
   <datafield ind1=" " ind2=" " tag="949">
      <subfield code="a">PN4784 .O62 D55 2015</subfield>
      <subfield code="h">GMCT-OS-B</subfield>
      <subfield code="i">1007781337</subfield>
      <subfield code="p">165.53</subfield>
      <subfield code="k">AVAIL_SOON</subfield>
   </datafield>
   <datafield ind1=" " ind2=" " tag="926">
      <subfield code="a">PN4784 .O62 D55 2015</subfield>
      <subfield code="w">LC</subfield>
      <subfield code="c">1</subfield>
      <subfield code="i">1007781337</subfield>
      <subfield code="d">12/22/2016</subfield>
      <subfield code="e">11/25/2016</subfield>
      <subfield code="l">ON_SHELF</subfield>
      <subfield code="m">GR_MACEWAN</subfield>
      <subfield code="n">1</subfield>
      <subfield code="p">$165.53</subfield>
      <subfield code="r">Y</subfield>
      <subfield code="s">Y</subfield>
      <subfield code="t">BOOK</subfield>
      <subfield code="u">8/18/2015</subfield>
   </datafield>
</record>
